3982 6048
214 735 356 794 museto
372 736 448 792 sitae
464 735 596 792 animalis
613 741 656 789 est
672 735 782 798 lieres,
817 733 858 788 its
881 738 910 787 et
934 737 1070 803 temperat
1086 733 1294 790 vllsantmslls
1315 738 1575 805 mystollisationem
1592 745 1621 795 et

212 819 301 874 sitam
318 821 514 891 vegetabilem.
550 817 759 888 crystallisatio
776 817 962 870 nonianustnr
979 817 1007 870 iu
1023 819 1121 872 sceleti
1144 819 1354 884 tornationem,
1396 821 1455 874 sits
1476 826 1622 896 segetabi-

162 963 165 972 ¹
210 903 248 958 lis
265 911 382 974 oenapat
401 903 630 957 assimilationem
647 899 833 957 universalem
850 905 879 954 et
898 900 996 954 Mones
1015 901 1110 956 sertis
1128 901 1333 957 manilestatnr.
1369 903 1437 956 'lali
1458 906 1539 958 mole
1556 923 1620 958 eon-

170 973 177 992 ‘
209 989 345 1042 morviso
364 987 495 1042 animalia
514 1003 531 1039 e
548 986 637 1058 tribus
654 983 788 1038 existendi
803 983 967 1048 rubonibus,
986 997 1002 1036 e
1019 986 1222 1040 oonstrustlnne
1237 987 1343 1052 satuti,
1365 989 1576 1060 reprosluolioue
1594 995 1622 1042 et
1658 1041 1659 1046 ,

210 1070 394 1125 sensibilitate
411 1069 459 1121 rel
475 1069 574 1123 btnuns
593 1075 636 1122 est
652 1066 744 1122 Triae
1652 1091 1656 1098 ·

311 1181 452 1236 Saeletum
472 1181 636 1236 animalium
654 1197 673 1236 a
689 1179 774 1252 globo
790 1194 860 1235 oasa
872 1181 913 1252 ¹),
930 1171 1096 1255 ¹velpotius
1115 1199 1133 1238 a
1150 1181 1313 1254 sphaeroide
1330 1185 1460 1240 exoritur.
1506 1183 1537 1238 Si
1557 1185 1620 1254 glo·

210 1267 262 1320 bus
292 1265 434 1335 regularia
465 1271 522 1330 est,
562 1264 686 1334 sequitur
715 1264 791 1318 sinus
815 1269 844 1318 al
866 1267 974 1320 eatinus
999 1267 1150 1336 potentiam
1175 1267 1316 1322 dominare
1339 1271 1428 1323 vitam
1451 1268 1620 1330 [animalem

198 1348 378 1420 ,molemque
394 1349 511 1418 pendere
530 1363 548 1401 a
565 1345 806 1416 crystallisatioae.
843 1348 979 1416 crystalli
999 1367 1065 1404 vero
1089 1349 1144 1419 ipsi
1164 1353 1322 1419 systematis
1340 1353 1481 1422 regularis
1504 1367 1621 1404 vemen-

135 1429 165 1466 -'
211 1438 257 1486 tur
281 1429 339 1484 suis
362 1431 489 1485 extremis
513 1431 542 1484 in
566 1429 646 1500 globi
671 1429 846 1498 peripheria,
883 1431 931 1484 sed
956 1435 1074 1504 globum
1095 1433 1187 1502 ipsum
1211 1439 1264 1488 nusi
1294 1435 1431 1493 alliciunt.
1482 1435 1622 1487 (liebus

210 1513 302 1566 enim
319 1513 434 1566 terma
451 1517 505 1567 est
524 1511 664 1566 idealis
682 1515 919 1584 postulatque
937 1513 1027 1570 Esse
1046 1517 1082 1568 ln
1100 1531 1135 1569 ss
1153 1521 1188 1570 et
1214 1515 1278 1585 'per
1302 1535 1355 1583 se,
1386 1517 1538 1589 quoslln
1562 1533 1621 1569 re-

209 1603 285 1650 rum
303 1603 434 1650 nestora
452 1596 679 1668 ignoramus.
714 1597 759 1649 lta
784 1601 860 1650 terra
885 1603 940 1652 tam
964 1600 1155 1668 approximate
1180 1601 1256 1669 globi
1282 1601 1387 1654 turmae
1412 1601 1512 1672 globus
1536 1603 1618 1662 esset,
1659 1585 1670 1604 ”

209 1679 264 1734 nisi
281 1679 416 1732 Universa
435 1681 588 1736 uenderet.
639 1677 805 1746 Perimula
823 1679 851 1732 in
872 1681 1039 1736 animalibus
1058 1678 1311 1753 nusqsmm'globbs
1329 1691 1433 1747 exstat,
1470 1683 1535 1753 quia
1560 1683 1620 1736 sitis
1715 1727 1719 1732 .

210 1761 339 1817 animalis
356 1763 449 1816 sinum
465 1763 632 1816 eleusinum
650 1761 679 1816 ia
704 1779 755 1816 sua
775 1767 910 1832 potestate
928 1767 1027 1830 babet,
1053 1767 1202 1834 eademque
1222 1767 1283 1836 ipsu
1303 1759 1457 1820 arctissime
1476 1767 1628 1831 conjuncta·
1705 1767 1711 1780 '

209 1863 271 1900 eum
288 1847 347 1900 vita
364 1845 519 1900 universali
536 1847 651 1916 globum
670 1845 792 1900 formare
809 1860 862 1900 non
880 1849 964 1902 salet
1006 1847 1072 1902 Vita
1090 1849 1235 1914 animalis,
1260 1851 1479 1924 estuduimus,
1500 1849 1628 1920 agitatio·

209 1937 256 1984 est
268 1929 413 1982 amborum
431 1931 568 1998 polorum,
585 1947 700 1998 quorum
718 1931 790 1984 alter
807 1937 850 1985 est
863 1931 1003 1996 Universi,
1021 1933 1093 1988 aller
1110 1939 1208 1987 terrae.
1240 1933 1412 2001 Temperant
1427 1933 1459 1985 hi
1477 1931 1536 2001 poli
1556 1945 1620 1998 ory-

208 2012 496 2080 stallisatiouispolos,
505 2012 551 2080 qui
560 2002 987 2084 insuntejosvitaeeomqneillls
996 2017 1145 2081 confluunt,
1159 2014 1619 2095 quamobremprimumsoeletum

209 2093 1620 2166 globosamolausumesseneqoit,seslpolissitaeanimalisvelterramvalcoelumrelterremetena·

209 2179 521 2245 lusurarstrsapertum3
540 2178 1297 2253 quumigitursceletumritaeanimaliaprolinetuinlit,
1314 2179 1619 2251 petentiumystallisn-

209 2259 293 2314 tionis
308 2259 488 2330 extinguitur,
509 2267 540 2316 ut
558 2261 586 2314 in
608 2261 720 2330 plantis,
745 2269 774 2317 et
789 2263 922 2333 singulae
940 2263 1019 2332 ipsae
1035 2266 1179 2319 ambarum
1196 2266 1334 2334 spirarum
1358 2261 1619 2318 eireumvolotioues

107 2392 114 2398 .
209 2341 573 2412 paullatimabsolsuutur,
593 2345 633 2397 its
649 2351 681 2398 ut
698 2345 780 2400 binae
797 2346 1010 2414 polariaatioues
1033 2361 1096 2401 eum
1112 2347 1389 2414 nominationibus,
1419 2359 1491 2414 puae
1515 2361 1545 2396 aa
1568 2344 1620 2396 lra-

209 2427 275 2479 beat
291 2431 323 2478 ut
342 2429 374 2493 4
398 2426 435 2480 au
451 2455 485 2470 -
501 2429 548 2480 uel
565 2434 596 2480 ut
615 2430 741 2483 dextrum
761 2429 796 2486 asl
819 2429 977 2494 siuistrum,
1006 2433 1033 2484 el
1056 2431 1117 2502 pull
1139 2431 1193 2499 ipsi
1210 2433 1305 2484 selem
1323 2429 1439 2490 rationer
1474 2426 1617 2480 Unitstesu

122 2513 129 2516 “
210 2515 259 2579 pier
276 2525 307 2562 re
323 2507 454 2562 efficiant
488 2509 663 2564 lleliuiuatur
682 2512 781 2566 ambae
797 2513 891 2580 spirae
907 2513 960 2566 tali
976 2515 1097 2576 virtute,
1122 2518 1162 2576 ut,
1188 2514 1212 2566 sl
1230 2513 1393 2582 palatinalio
1409 2511 1486 2564 vitae
1503 2513 1626 2578 segola-¹

209 2591 277 2645 bilis
295 2591 355 2654 sit‚·
377 2591 446 2644 lolia
463 2592 584 2646 slisticlsa
603 2595 751 2662 prodeant,
787 2596 836 2648 vel
853 2603 885 2649 ut
901 2596 987 2650 verbo
1006 2596 1106 2659 lienus,
1123 2597 1252 2650 vertebra
1268 2595 1402 2664 primaria
1419 2593 1522 2648 illustr.
1542 2591 1627 2644 Gaas:

209 2673 396 2729 manitestatio
415 2677 457 2728 est
473 2676 626 2744 peculiaris
642 2676 818 2747 singularum
837 2679 1113 2734 obonmsolallonum
1130 2679 1202 2733 iuter
1219 2675 1465 2763 bluss'seetioaen
1485 2691 1536 2732 seu
1555 2689 1614 2732 ιιιι-

209 2757 351 2812 nilestatio
367 2758 519 2828 peculiaris
536 2761 677 2814 amborum
695 2762 821 2830 polorum
839 2779 902 2818 eam
919 2761 1187 2829 suisiunetiuuibus.
1268 2821 1270 2830 ,

308 2871 408 2927 subsit
423 2873 494 2928 bueo
510 2875 647 2928 sententia
661 2873 763 2932 illustr.
781 2878 855 2930 liner
874 2877 1000 2932 theoriae
1022 2881 1080 2932 tam
1098 2875 1232 2948 egregias
1255 2891 1415 2946 summaque
1434 2874 1618 2931 admiratione
1640 2851 1650 2900 '.

210 2955 401 3026 dignissimae,
419 2962 484 3010 tuno
502 2959 711 3027 crystallisatio,
729 2960 790 3018 rita
809 2961 978 3032 vegetabilis
998 2968 1026 3017 et
1045 2961 1175 3018 animalis
1192 2961 1264 3014 inter
1287 2979 1317 3016 sa
1334 2961 1386 3014 tali
1409 2961 1489 3013 morlo
1507 2963 1619 3012 neclan-⁴
1655 3008 1660 3020 ,

210 3045 256 3092 tur
274 3044 305 3092 ut
323 3055 387 3093 uua
402 3040 482 3093 vita
498 3057 588 3110 quae
607 3041 641 3095 in
659 3045 780 3098 ambus
799 3043 917 3112 spiras
946 3051 1115 3100 movetur
1134 3061 1195 3096 seu
1220 3061 1308 3112 quae
1329 3044 1542 3112 productum
1566 3045 1620 3093 est

210 3121 515 3192 polarisatiouis‚
534 3143 567 3180 ex
584 3125 620 3180 iis
638 3125 746 3182 existat
782 3128 902 3182 Gravior
919 3132 948 3181 et
965 3145 998 3180 ex
1015 3125 1274 3190 assentantium,
1307 3143 1379 3194 quae
1397 3123 1487 3178 adhue
1504 3139 1556 3174 non
1573 3136 1620 3173 es-

210 3207 315 3275 plioata
331 3222 439 3275 semper
458 3211 730 3274 commemorabatur,
761 3211 861 3264 ratio
878 3211 1019 3279 quislein
1039 3205 1270 3280 symmetriae
1289 3215 1420 3277 apparet,
1450 3221 1573 3278 quaeque
1590 3203 1620 3256 iu·

210 3289 333 3346 omnium
357 3305 452 3344 rerum
475 3297 574 3345 natura
597 3291 798 3347 manifestatur,
844 3293 953 3346 Dicitur
975 3295 1062 3364 vulgo
1085 3291 1180 3346 innata
1205 3309 1265 3344 esse
1282 3279 1444 3360 symmetris
1460 3305 1553 3342 rerum
1570 3301 1620 3340 na-

209 3371 298 3426 turno:
331 3373 367 3424 At
384 3373 539 3450 quomodul
575 3375 683 3445 llyadis
700 3375 853 3446 agitatione
870 3375 898 3428 in
918 3377 1012 3430 ombus
1029 3376 1136 3446 spiras,
1161 3386 1278 3444 quarum
1297 3373 1390 3427 ubivis
1409 3373 1439 3426 in
1459 3387 1551 3426 rerum
1569 3385 1619 3426 aa·

211 3461 274 3510 tura
291 3453 379 3508 oculis
397 3455 519 3528 vestigia
539 3463 684 3514 aecurrunt
700 3461 782 3514 islam
803 3477 862 3512 rem
885 3457 1024 3528 explicare
1043 3457 1162 3522 tentavi,
1193 3472 1243 3509 neo
1262 3463 1352 3512 tamen
1370 3461 1446 3512 certa
1465 3459 1497 3509 ut
1517 3454 1574 3508 siut
1591 3455 1620 3507 et

209 3537 275 3604 llus,
294 3553 365 3606 quae
383 3535 451 3603 ulixi,
469 3541 519 3594 sesi
536 3547 568 3594 ut
584 3559 654 3597 uuus
671 3560 688 3597 e
704 3543 800 3597 multis
817 3541 975 3611 probubssia
995 3542 1130 3608 eonji'cure'
1148 3541 1252 3594 videar.

279 3637 380 3694 Omnes
389 3641 746 3710 vertebrneprimariaeseu
755 3631 850 3696 annuli
867 3642 994 3712 primarii
1007 3659 1062 3696 nnn
1068 3631 1203 3716 oriuntur,
1216 3637 1489 3710 utvulgbslieuulur‚'
1498 3635 1621 3706 separati
1695 3639 1701 3650 '

210 3724 258 3778 setl
277 3739 369 3776 omnes
388 3721 472 3776 simui
489 3723 579 3794 ganisi
596 3724 743 3794 paullatim
760 3741 809 3793 per
826 3726 918 3780 varios
935 3725 1094 3796 systematis
1111 3725 1231 3796 gratius,
1258 3715 1302 3776 uti
1319 3719 1348 3774 iu
1365 3724 1554 3774 vertebrarum
1573 3737 1619 3772 eo·
1684 3713 1696 3724 ’

210 3807 314 3870 lamna,
333 3807 521 3862 absolvuntur.
557 3808 624 3862 Tali
640 3807 735 3874 nauli
753 3809 827 3862 clare
843 3809 949 3878 spiram*
966 3825 1001 3865 ea
1017 3809 1106 3872 linea,
1124 3824 1195 3874 quae
1213 3806 1241 3860 in
1260 3812 1335 3859 terra
1351 3805 1521 3858 meridianus
1539 3811 1620 3874 nteg-

210 3888 316 3943 uetieus
336 3889 410 3942 lictu
427 3889 546 3944 limitem
564 3891 707 3954 eonstituit
729 3890 800 3944 inter
817 3891 973 3960 positivum
991 3897 1019 3946 et
1037 3879 1199 3962 negativum
1217 3889 1295 3959 globi
1315 3884 1477 3952 dimidium,
1509 3888 1620 3938 tiemon-

210 3975 305 4026 straut
341 3969 387 4038 (in
402 3970 509 4041 Figura
523 3984 582 4038 m.
608 3973 642 4030 T.
657 3975 718 4038 lll.,
738 3975 842 4028 cneus.
866 3975 923 4028 Vou
943 3975 995 4026 deu
1013 3975 1159 4029 Urtbeileu
1177 3974 1228 4026 eto.
1254 3973 1283 4024 ia
1301 3969 1466 4040 Scorpione;
1497 3970 1515 4022 l.
1533 3981 1617 4020 xx1u.

210 4055 239 4108 iu
256 4055 373 4118 Antaeo3
404 4054 424 4106 l.
450 4058 526 4107 xxvt
547 4053 575 4106 iu
593 4057 763 4109 Inseetorum
780 4058 884 4110 sceleto
902 4061 1008 4125 partem
1024 4057 1193 4126 superiorem
1215 4053 1248 4106 nb
1266 4051 1403 4116 inferiori,
1431 4068 1501 4122 quae
1519 4068 1549 4105 se
1566 4049 1619 4104 lus-

210 4139 276 4194 bent
294 4143 326 4192 ut
340 4153 404 4208 pars
420 4135 521 4191 solaris
539 4137 573 4190 etl
592 4138 748 4190 terrestrem
768 4137 820 4192 illa
837 4139 913 4192 linea
931 4138 1065 4208 separat.)
1116 4139 1157 4190 Eo
1173 4138 1248 4201 loon,
1275 4153 1329 4204 quo
1346 4133 1443 4190 ambae
1463 4133 1554 4204 spirae
1574 4150 1619 4187 sa-

210 4227 307 4277 nantur
322 4221 484 4291 polarisatio
502 4220 578 4274 sitae
596 4218 727 4274 animalis
744 4221 900 4290 ingreditur
925 4224 953 4273 et
975 4219 1005 4274 in
1031 4219 1159 4293 singulos
1181 4221 1299 4274 annulos
1317 4219 1460 4274 ambarum
1478 4217 1620 4287 spirarunt

210 4303 411 4358 combinatione
428 4303 563 4358 dividitur
581 4304 721 4357 sceletum.
756 4305 792 4360 Et
812 4303 837 4358 si
855 4301 979 4373 insigues
999 4302 1116 4372 piscium
1134 4303 1230 4358 sceleti
1247 4299 1478 4380 ligurassslll.)
1498 4305 1618 4353 coutem-
1658 4311 1662 4316 '

210 4389 336 4456 ptumus,
355 4385 496 4463 uidemus,
519 4387 631 4456 opinor,
652 4387 744 4442 ubivis
762 4387 905 4442 ambarum
923 4387 1061 4456 spirarum
1078 4387 1205 4458 singulas
1223 4385 1438 4454 combinationes
1455 4381 1633 4438 maniiesta-'

211 4477 262 4524 tas.
297 4469 333 4524 st
353 4469 378 4522 is
398 4471 502 4525 trustra
520 4477 630 4526 nasute
645 4471 923 4534 sententiaaseusum
943 4477 1071 4542 quaeret,
1098 4469 1146 4541 qui
1167 4487 1250 4524 ιιιιιιιιι
1268 4469 1373 4540 spiram
1390 4483 1407 4522 a
1425 4467 1513 4523 caule
1532 4481 1617 4536 usqua

210 4551 246 4608 sl
264 4555 347 4621 eaput
363 4551 520 4634 continuum
536 4571 668 4622 quaerere
685 4557 788 4610 stunt.
1503 4543 1508 4554 ⁶

310 4651 443 4704 Formaut
464 4651 592 4722 singulae
613 4656 757 4710 vertebras
782 4669 876 4709 omues
899 4654 1026 4724 singulas
1052 4653 1277 4724 polarlsstiones‚
1310 4665 1380 4718 quas
1402 4649 1462 4702 vita
1487 4645 1618 4702 animulis

210 4734 302 4790 uersis
319 4733 495 4788 maniiestata
507 4733 611 4800 nestit,
641 4744 670 4792 et
693 4739 836 4796 ambarum
856 4737 945 4792 alters
965 4742 1103 4792 ausurum
1121 4737 1203 4792 ultori
1227 4734 1320 4804 spirae
1346 4731 1458 4786 seeeslit
1494 4729 1526 4783 Sl
1544 4729 1619 4781 enim

211 4823 286 4874 essse
303 4817 398 4872 tlestra
414 4817 508 4888 spirae
525 4823 569 4875 est
584 4819 757 4876 latronum
774 4821 896 4885 solatas,
913 4819 1007 4890 spiret
1023 4819 1214 4876 sinistrorsum
1228 4818 1425 4871 v'olsstaeeasta
1438 4819 1480 4868 est
1495 4813 1616 4867 sinistra.

126 4971 130 4978 .
210 4960 418 4980 *-

154 5081 163 5094 “
244 5063 273 5134 1)
288 5065 466 5202 Gpigalrsuas,
489 5085 544 5124 soa
562 5068 614 5124 olea
630 5065 780 5124 llrllreilsu
796 5067 845 5122 slss
861 5065 1012 5122 imnum·
1033 5067 1090 5122 uari
1106 5059 1368 5137 Sohslengerustes,
1390 5077 1455 5180 pag.
1477 5059 1502 5117 3.
1536 5061 1619 5131 lseip·
