3982 6048
1735 536 1742 566 i

1647 665 1661 694 0

424 739 429 770 '
465 803 469 812 ,
523 745 607 816 &rgo
624 739 813 812 bioaersplrse
830 737 1005 810 prlnbritse
1028 737 1197 810 rege-billa
1214 737 1339 790 internae
1356 739 1421 788 sust
1436 733 1581 804 hpalsns
1604 740 1643 790 et
1660 735 1760 792 atses
1777 737 1875 806 spiras,

433 850 502 907 qaas
519 832 553 885 sd
569 829 708 884 sxa-m
729 825 816 880 vitam
835 825 955 886 tendant.
989 821 1116 876 Primum
1129 821 1292 892 productum
1315 813 1502 888 priaram'est
1517 819 1641 874 nellnla
1661 821 1795 890 ejusque
1812 835 1876 891 ang·

433 905 572 978 mentatl'c,
591 917 652 982 post
673 925 739 963 vasa
754 907 859 962 dbrosa
879 908 997 977 denique
1013 923 1082 960 vasa
1099 905 1216 976 spiralis
1232 905 1303 975 ipra,
1320 901 1422 973 quibus
1439 911 1555 972 utraque
1576 904 1673 974 spira
1691 905 1765 977 agit
1782 923 1833 976 per
1845 924 1871 961 ss

433 1011 462 1060 st
477 1019 540 1056 eum
556 995 671 1068 reliquis
684 1009 879 1062 ¹summamque
904 991 1072 1046 lancboaem
1094 989 1200 1044 abtinet
1223 988 1241 1042 i.
1266 1005 1288 1041 e.
1316 986 1535 1057 respirationem.
1595 989 1695 1057 Quod
1720 991 1826 1046 attinet
1842 993 1872 1046 ad

433 1085 597 1160 posteriores
615 1097 664 1133 eae
682 1079 717 1134 ab
737 1070 852 1146 intimis
868 1065 945 1130 baud
964 1075 1070 1148 magis,
1101 1087 1183 1144 quam
1207 1071 1375 1127 electricitas
1393 1069 1502 1126 interna
1524 1073 1558 1126 ab
1583 1079 1722 1129 externa
1742 1091 1869 1144 separas·

433 1175 484 1228 dae
502 1175 573 1224 sunt
609 1167 660 1220 uu
675 1179 731 1218 nus
751 1161 899 1230 eademqne
916 1159 1043 1232 agitatio,
1063 1173 1134 1229 qnae
1152 1155 1337 1212 manenter
1350 1163 1385 1210 'et
1406 1155 1597 1210 materialiter
1629 1157 1755 1227 proditi
1785 1177 1868 1212 essen

404 1255 410 1274 '
433 1255 539 1313 tialiter
556 1251 628 1322 qna'd
644 1238 786 1304 advitam
799 1244 938 1299 'internam
960 1243 1054 1308 tendit,
1074 1241 1257 1298 materialiter
1273 1241 1345 1309 quod
1364 1241 1399 1294 ad
1417 1245 1556 1295 externam
1576 1243 1730 1312 pertinet
1764 1243 1813 1298 Uti
1825 1259 1867 1296 sa-

434 1353 491 1399 tam
506 1337 571 1394 alii's
588 1335 615 1388 in
631 1331 790 1404 ca‘rp'arib'ns
807 1329 974 1384 electricltat
986 1327 1121 1399 positiva,
1147 1325 1211 1380 aliis
1231 1320 1397 1378 electricitas
1413 1323 1544 1394 negativa
1560 1327 1749 1396 praevalet,
1787 1329 1826 1381 ita
1842 1327 1865 1380 ir

434 1419 636 1496 Phylloblastis
654 1423 760 1474 exstant
777 1417 887 1486 plantae
908 1415 1077 1467 dextrorsum
1096 1417 1124 1465 et
1139 1409 1327 1466 sinistrorsum
1344 1405 1471 1474 volutae,
1507 1416 1635 1473 entant,
1659 1411 1689 1464 si
1710 1412 1743 1480 in
1763 1413 1886 1466 univer?

436 1528 497 1566 snm
521 1491 690 1576 spectamus,
727 1503 852 1572 plantae,
878 1497 977 1568 quibas
1001 1497 1161 1567 praevalent
1182 1493 1258 1566 spira
1277 1493 1431 1562 terrestria,
1467 1491 1541 1548 aliae
1562 1489 1683 1564 qulbus
1701 1496 1786 1568 spira
1802 1495 1863 1550 ineis

312 1613 314 1620 ⁴
364 1621 368 1626 -
436 1581 587 1648 'raestat'
617 1585 829 1658 Phylloblastae
854 1589 919 1638 tunc·
944 1582 1108 1651 respoudeat
1133 1579 1193 1634 illis
1217 1579 1410 1648 corporibus„
1429 1577 1527 1648 quibas
1550 1595 1609 1634 nec
1636 1579 1719 1636 lsaec
1741 1589 1804 1636 ‘nee
1819 1581 1863 1634 ills

349 1740 354 1746 ,
436 1615 602 1744 εἰοοιῐὶοἰιαι
621 1671 781 1742 praefertur.
832 1665 914 1722 Talis
935 1659 1067 1738 analogia
1088 1665 1161 1720 inter
1178 1671 1282 1719 terram
1303 1663 1411 1734 primae
1435 1669 1464 1716 et
1482 1663 1628 1718 secundae
1649 1667 1801 1734 potentiae
1816 1683 1858 1720 non

438 1757 636 1834 praetereunda
653 1743 717 1808 est'
1036 1801 1039 1808 ⁴
1099 1819 1102 1826 Δ
1167 1759 1170 1764 ’
1360 1747 1366 1762 “

537 1841 617 1912 Quod
642 1840 742 1894 attinet
760 1839 795 1892 ad
816 1839 925 1906 plantas
945 1835 1113 1888 dextrorsum
1132 1839 1160 1910 et
1182 1833 1367 1886 sinistrorsum
1387 1833 1504 1896 volutas,
1525 1848 1559 1886 ea
1577 1850 1617 1887 ex
1643 1833 1703 1901 iis,
1734 1852 1805 1906 quse
1820 1852 1858 1889 su·

438 1947 490 2002 pra
511 1927 587 1982 dicta
610 1919 690 1986 sunt',
711 1912 845 1991 ex'plicnri
870 1925 968 1989 potest
1003 1917 1072 1972 Nam
1093 1927 1186 1986 quum·
1201 1915 1230 1969 ln
1254 1915 1327 1970 biuia
1347 1915 1563 1986 cotyledonibus,
1593 1921 1723 1990 (loquor
1743 1921 1814 1974 enim
1829 1919 1858 1972 de

437 2008 657 2086 Pbplloblaatis)
677 2006 766 2076 perita
785 2005 823 2060 sit
838 2002 996 2058 differentia
1012 2002 1103 2071 spirae
1120 2001 1191 2056 lacis
1210 1999 1239 2054 et
1255 2001 1414 2066 terrestris,
1445 2001 1545 2070 pendet
1560 2004 1661 2062 aba·
1679 2005 1780 2075 spira,
1797 2018 1858 2072 qaae

439 2095 577 2156 umesdit
595 2099 624 2148 et
641 2092 727 2150 talem
742 2089 960 2161 praevalentium
976 2086 1094 2152 obtinet,
1124 2093 1216 2140 atrum
1240 2085 1462 2140 dextrorsumau
1481 2085 1685 2146 sinistrorsum
1711 2086 1853 2144 volvatarl

440 2188 474 2240 ln
489 2179 611 2253 plantis,
627 2175 676 2254 nbi
691 2176 747 2240 bae
761 2175 836 2230 vires
847 2171 995 2244 oppositae
1012 2169 1165 2240 aequaliter
1182 2172 1283 2240 agant,
1301 2170 1356 2226 ista
1372 2171 1569 2240 praevalentiu¹
1584 2174 1736 2238 alternat,
1762 2188 1814 2242 qas
1828 2187 1855 2224 es

442 2287 473 2323 re
490 2259 648 2320 differentia
664 2259 736 2313 inter
754 2259 830 2321 lolia·
841 2259 935 2312 dextra
950 2263 978 2310 et
996 2255 1117 2320 sinistra,
1137 2269 1206 2323 quaa
1218 2254 1320 2322 illustr
1331 2255 1566 2310 Tarsarssurus
1582 2263 1802 2322 commemorat,
1817 2255 1852 2310 is·

442 2347 618 2422 terpretauda
637 2351 686 2400 est
739 2344 877 2398 carvere
894 2343 968 2396 eliae
985 2342 1096 2410 plantae
1113 2339 1299 2402 dextrorsum,
1326 2339 1402 2392 aliae
1425 2338 1620 2396 sinistrorsnm
1640 2343 1789 2397 volubiles
1804 2340 1853 2394 asi·

442 2439 531 2497 mant,
550 2429 683 2502 quaestio,
701 2428 805 2497 opinor,
825 2427 920 2497 gravis
938 2423 988 2490 est,
1026 2416 1072 2477 cir'i
1089 2422 1243 2492 quaestioni
1267 2421 1360 2476 affinis
1380 2429 1486 2488 eaest,
1513 2439 1562 2478 cnr
1578 2427 1721 2480 homines
1737 2422 1851 2482 nomulli

443 2517 534 2588 magis
557 2515 639 2567 laeva
663 2529 747 2566 manu
771 2529 852 2581 quam
873 2513 968 2564 dextra
991 2515 1090 2580 agant,
1111 2505 1276 2571 etidcirco,
1300 2507 1365 2576 quia
1383 2506 1438 2560 ista
1458 2509 1502 2562 'res
1515 2511 1653 2586 *speciali
1683 2509 1849 2580 inquisitione

444 2613 509 2676 aget
526 2605 554 2654 et
571 2599 606 2654 ad
623 2597 793 2668 singularem
815 2595 900 2649 sitim
917 2594 1020 2657 tendit,
1057 2593 1086 2647 id
1109 2592 1173 2647 aliis
1199 2591 1392 2662 scriptoribus,
1430 2593 1477 2660 qui
1507 2597 1674 2651 accuratius
1706 2595 1779 2648 banc
1800 2607 1848 2645 ren

437 2691 565 2754 ,mactare
584 2685 705 2751 poseant,
724 2695 804 2750 qaam
825 2677 895 2732 milri
913 2679 965 2730 boc
983 2680 1043 2731 loco
1060 2693 1226 2742 concessum,
1245 2675 1408 2745 relinquam.

429 2759 434 2770 ’
543 2767 728 2826 votuerunt,
756 2769 787 2816 ut
810 2779 843 2816 er
860 2762 912 2826 iis,
942 2779 1012 2832 qaae
1031 2779 1115 2832 supra
1132 2761 1277 2816 statuimus
1303 2766 1396 2830 patet,
1423 2761 1644 2818 ambaesemini
1664 2763 1761 2835 spirae
1777 2761 1845 2815 etsie

445 2855 566 2928 quidem,
587 2853 618 2902 nt
635 2847 711 2917 spira
727 2845 864 2901 terrestris
881 2863 961 2901 suum
985 2849 1079 2918 polum
1102 2846 1131 2900 in
1151 2853 1183 2899 eo
1204 2846 1308 2900 babeat
1332 2853 1360 2898 et
1379 2846 1455 2915 spira
1476 2847 1578 2920 solaris
1598 2867 1686 2903 suum
1704 2847 1842 2902 minimum

445 2935 576 2996 Evolulio
593 2931 703 3004 plantae
722 2933 810 3003 igitur
829 2939 870 2986 est
887 2933 1044 2995 mutuum,
1054 2931 1147 3002 spirae
1160 2930 1260 2984 solaris
1278 2929 1406 2999 adpetere
1422 2931 1486 2984 dunt
1502 2929 1585 3000 'polus
1604 2933 1752 2988 terrestris
1766 2929 1843 2986 radias

446 3042 511 3081 suos
528 3019 638 3082 emittit,
657 3015 689 3070 ut
706 3017 799 3085 planta
818 3017 1056 3088 evolutarpleuam
1071 3014 1243 3070 harmoniam
1262 3015 1334 3067 inter
1351 3015 1446 3069 ambos
1459 3017 1537 3086 polos
1552 3018 1727 3075 manileatet
1761 3019 1791 3071 In
1806 3030 1841 3067 eo·

448 3106 521 3164 rolla
537 3105 599 3176 ipsa
616 3109 688 3157 batus
708 3105 850 3170 procerius
868 3101 1011 3170 repetitur.
1045 3101 1078 3154 ln
1095 3100 1190 3152 cadem
1210 3097 1285 3152 euim
1303 3101 1423 3154 alternat
1440 3101 1520 3170 palus
1541 3089 1648 3158 salaria
1668 3099 1840 3176 praevalenti!

448 3209 513 3250 cum*
527 3181 592 3264 palo
611 3187 742 3250 terrestri,
761 3183 989 3240 corolla'decidit
1007 3191 1035 3239 et
1050 3185 1156 3237 tructus
1177 3171 1346 3250 maturescit

528 3311 530 3320 ‚
548 3271 697 3328 Numeri
710 3267 745 3323 il.
765 3275 798 3323 et
814 3267 865 3342 ill.
885 3259 967 3324 suut
986 3271 1020 3324 lu
1038 3269 1114 3322 vite
1131 3269 1340 3338 vegetabili
1361 3269 1571 3346 pariterue
1591 3272 1628 3326 in
1651 3265 1838 3342 crystalli-

448 3361 593 3430 .atione
610 3353 748 3412 numeri
770 3353 963 3423 primitivi
1010 3355 1087 3424 nyss
1103 3353 1191 3406 tendit
1212 3353 1331 3422 primum
1348 3355 1383 3408 ad
1400 3351 1639 3432 Trisdem‚‘tum
1658 3357 1743 3412 Trias
1760 3369 1837 3408 eanm-

445 3431 570 3504 Ρ«ιῑιίιιιιιι
585 3441 727 3516 uynuqu
744 3439 844 3492 rena·
862 3438 957 3493 oratur.
991 3439 1075 3521 rea
1095 3437 1219 3508 squaru
1236 3449 1278 3492 aar
1294 3437 1323 3491 11
1343 3443 1374 3506 p
1394 3437 1506 3492 1v011
1529 3443 1564 3510 ψ,
1578 3441 1625 3506 113
1645 3450 1675 3496 «ι
1693 3441 1788 3496 roam
1801 3452 1836 3489 se

447 3530 569 3604 qualis!
591 3525 623 3590 i·
644 3525 785 3592 11411,
806 3523 898 3596 velll
920 3524 950 3590 †
971 3525 1001 3578 11
1023 3526 1052 3590 sl-
1076 3525 1100 3588 1,
1121 3523 1212 3576 velli
1233 3527 1264 3591 -Ι-
1286 3525 1300 3576 1
1322 3523 1352 3589 †
1374 3525 1411 3589 11,
1433 3525 1632 3604 vallilplll,
1651 3521 1834 3589 vetn÷11l

447 3619 536 3674 babes
554 3612 595 3666 sic
611 3609 685 3664 banc
700 3609 729 3664 in
749 3617 853 3678 partem
867 3607 999 3678 quinque,
1023 3607 1102 3661 illam
1121 3607 1149 3662 in
1169 3613 1275 3677 purtem
1294 3607 1361 3660 duas
1381 3607 1558 3672 variationes,
1579 3628 1651 3680 qnae
1669 3611 1834 3680 complectar·
1865 3647 1870 3661 ,
1921 3635 1922 3660 l

448 3713 495 3758 tur
511 3711 602 3754 omues
619 3692 781 3748 incrementi
800 3693 879 3761 leges
900 3695 934 3746 ub
951 3693 1055 3748 illustr.
1074 3693 1180 3748 Cassan
1197 3709 1247 3762 per
1265 3709 1343 3746 suum
1359 3693 1599 3760 uorpnenomism
1623 3695 1655 3750 iu
1673 3694 1788 3750 medium
1802 3689 1834 3742 lt·

450 3797 501 3844 qu,
551 3781 627 3839 idem
650 3776 705 3828 buo
719 3791 758 3826 .re
783 3773 875 3828 carnia
900 3776 1088 3844 phaenomena
1103 3775 1181 3828 vitae
1199 3776 1365 3846 vegetabilis
1383 3778 1470 3848 vnlgo
1485 3779 1536 3830 sub
1554 3779 1654 3848 abortu
1672 3775 1786 3834 naturali
1801 3769 1833 3823 vd
1921 3835 1922 3840 ἵ

450 3867 559 3928 luxurie
576 3859 771 3936 comprehensa
791 3873 886 3927 paraus
902 3858 986 3910 serici
1004 3859 1126 3912 indicare
1143 3859 1218 3912 vitae
1229 3859 1404 3928 ,vegetabilis
1425 3861 1582 3929 paullatim·
1592 3847 1832 3936 progredientes·l
1921 3859 1922 3872 ¹

438 3953 554 4012 qnflmis
573 3949 608 4004 ad
624 3943 766 4016 superiora
785 3941 901 4012 deniqne
915 3942 951 3996 ad
969 3959 1098 4012 suprema
1121 3943 1265 3998 individuo
1284 3943 1489 3998 demonstravit
1525 3945 1625 4016 Spirae
1638 3944 1788 4014 ¹invisibilis
1801 3940 1832 3992 it·

452 4049 509 4116 star
524 4033 611 4092 efficit
627 4029 681 4085 illa
698 4027 858 4082 vita'unum
876 4027 1032 4082 continuum
1043 4035 1078 4084 'et
1093 4028 1137 4083 uti
1154 4029 1183 4082 ia
1197 4029 1331 4084 Universa
1350 4037 1487 4099 tamquam
1504 4029 1581 4100 spira
1597 4032 1627 4086 in
1644 4033 1719 4103 spira
1735 4029 1830 4083 cuca!-
1921 4065 1922 4106 q

452 4123 584 4185 volvitur,
620 4117 660 4172 ita
675 4114 705 4168 iu
721 4127 808 4186 regno
826 4113 980 4185 vegetabili
998 4130 1051 4168 uua
1072 4113 1149 4184 spira
1171 4113 1334 4184 invisibilis·
1347 4115 1434 4170 nectit
1450 4115 1543 4170 omnia
1559 4117 1674 4189 singula
1689 4117 1830 4187 phem*
1921 4111 1922 4114 ¹

453 4229 490 4266 nn
508 4207 544 4262 ad
560 4219 653 4266 mum,
670 4215 740 4269 quae
758 4198 789 4284 in
809 4199 927 4254 secanda
950 4197 1193 4253 circumvolutione
1214 4198 1296 4253 linita
1312 4199 1341 4252 in
1363 4201 1467 4254 corolla
1490 4203 1666 4272 pmtspsrsts
1689 4201 1722 4256 sd
1744 4195 1829 4252 coeit!
1921 4201 1922 4224 ³

454 4295 569 4366 spectat,
588 4284 683 4340 alvia
699 4287 810 4336 natatur·
823 4282 871 4336 ubi
887 4283 947 4349 ejus
967 4282 1135 4357 captiuumia
1152 4286 1307 4353 quaerenda
1327 4289 1379 4340 aet.
1596 4303 1597 4306 ¹

554 4375 586 4427 la
604 4367 701 4440 llyade
718 4372 844 4420 versatur
860 4367 948 4420 omnis
960 4365 1028 4430 vita,
1050 4367 1128 4431 cujus
1146 4367 1332 4437 phaenomena
1347 4367 1464 4421 Trindes
1482 4377 1551 4424 sunt.
1585 4371 1682 4441 Itaque
1693 4362 1828 4438 ingredi*
1921 4383 1922 4386 ’

449 4467 483 4520 iu
500 4457 612 4529 singula
629 4451 821 4532 phaenomena·
833 4451 907 4504 vitae
924 4449 1104 4520 vegetabilis,
1125 4451 1160 4504 ad
1182 4451 1254 4506 illud
1276 4455 1397 4520 systema
1415 4453 1616 4524 ususgredior‚
1645 4455 1714 4526 quod
1731 4449 1826 4524 primun

454 4551 537 4604 istan
554 4558 613 4598 rem
631 4537 660 4592 in
678 4537 768 4589 lucem
784 4533 879 4599 edidit,
897 4537 932 4590 ad
951 4543 1072 4604 systema
1092 4535 1421 4597 lleidreubacbianiam..

533 4620 769 4696 ··suparsederem
781 4619 845 4671 ress
855 4619 927 4673 ,haia
944 4619 1056 4684 labori,
1073 4635 1156 4692 qnam
1173 4635 1246 4673 nova
1261 4620 1306 4674 illi
1323 4622 1465 4691 systemati
1485 4624 1636 4693 adiungere
1651 4639 1701 4677 non
1717 4617 1824 4676 ratem*

455 4716 510 4773 nial
527 4707 670 4784 negotium
685 4705 758 4760 mibi
778 4709 867 4769 esset,
882 4721 1055 4758 numeroram
1078 4703 1198 4760 rationes
1215 4703 1243 4758 in
1258 4685 1294 4757 re
1308 4705 1440 4760 herbaria
1454 4707 1632 4778 persequendi
1650 4715 1677 4761 et
1692 4687 1825 4774 exponenti

454 4799 587 4875 qpamodo
603 4793 672 4850 illae
689 4807 706 4846 a
724 4789 753 4846 11
771 4797 798 4844 et
821 4787 864 4842 ΠΙ
882 4789 1047 4844 derivandae
1070 4789 1149 4870 siut¹
1179 4787 1307 4860 Regnum
1333 4788 1492 4862 vegetabile
1522 4801 1614 4846 autem
1629 4794 1727 4864 tantum
1739 4785 1825 4844 mque

455 4889 589 4942 masso
605 4875 723 4944 eisonitp
735 4867 896 4944 praeditum
913 4880 963 4938 est,
984 4881 1023 4939 at,
1042 4873 1068 4930 si
1084 4874 1119 4928 ad
1136 4873 1195 4939 eius
1212 4872 1311 4930 ultima
1327 4871 1777 4944 phaenomena-intenderavsllem·
1791 4859 1822 4910 ΙΙ·

456 4973 551 5026 boram
568 4961 744 5032 susciperem,
762 4957 810 5028 qni
828 4957 903 5012 ultra
919 4957 1003 5024 buius
1019 4955 1117 5026 scripti
1136 4973 1248 5027 scopum
1266 4967 1398 5018 versetur.
1433 4961 1531 5030 ltaque
1548 4961 1671 5034 singalas
1689 4960 1779 5012 taum
1793 4941 1823 4994 ἢ·
1847 4959 1849 4967 ⁴

459 5050 562 5112 milies,
581 5046 651 5116 quad
670 5044 769 5098 attinet
785 5043 820 5096 sd
836 5059 1010 5114 numerorum
1027 5041 1156 5107 rationes,
1172 5043 1298 5098 reiorum.

561 5133 745 5202 Gynaeceucu,
764 5127 928 5182 andraeenm
944 5133 973 5180 et
988 5127 1104 5192 motus,
1124 5127 1195 5182 baec
1210 5143 1317 5183 samma
1333 5127 1417 5183 Tslss
1436 5129 1546 5197 plantae
1563 5127 1781 5189 remotamque
1789 5121 1822 5160 *θ’

272 5203 282 5230 ’
371 5246 376 5263 ι
459 5233 581 5292 qaemur,
600 5209 770 5284 praescribit.
