3846 6036
824 537 876 609 ΙΙ

479 857 555 937 'nt
584 749 886 934 ιιιιιιιιιιὲιιο
912 809 1193 930 nununsunr.
1478 845 1483 856 '

245 1016 391 1087 Agendum
415 1018 458 1067 ent
475 1011 618 1082 exponenti
638 1011 709 1064 illud
728 1013 885 1069 eontinunm
904 1011 992 1082 prime
1011 1013 1045 1063 de
1062 1015 1136 1064 terre
1153 1009 1182 1062 in
1201 1008 1382 1077 Universum,
1402 1031 1435 1067 en
1448 1031 1502 1083 quo
1518 1033 1551 1070 ee

143 1103 245 1172 duplex
263 1105 315 1162 eet,
334 1101 452 1152 elternm
470 1113 557 1168 gequn
574 1095 693 1165 pertinet
710 1097 745 1149 ed
763 1110 824 1150 enm
845 1093 942 1166 ipenm‚
962 1097 1080 1149 elterum
1094 1095 1127 1148 ed
1147 1093 1362 1170 conjunctionem
1381 1102 1471 1152 terree
1489 1117 1551 1154 eum
1659 1129 1669 1147 ι

142 1187 298 1246 Univern03
318 1189 392 1236 terre
409 1158 443 1236 ei
459 1199 488 1234 ne
507 1180 597 1250 ipram
615 1181 703 1238 relete
720 1179 824 1235 iterum
844 1181 1012 1250 duplex'ent.
1047 1177 1118 1232 Nem
1138 1195 1171 1230 ee
1188 1185 1230 1231 ont
1247 1180 1376 1234 eniteret
1393 1183 1550 1248 multitudo,

141 1274 191 1324 vel
208 1267 383 1323 rationaliter
403 1265 524 1318 dictum:
553 1273 627 1319 terre
645 1268 686 1319 eet
704 1264 903 1336 magnetinmue
921 1265 949 1318 in
965 1261 1117 1328 Univerno‚
1139 1262 1264 1334 graviten
1283 1263 1310 1316 in
1329 1263 1416 1334 ipniue
1437 1267 1551 1334 ontute,

142 1354 314 1411 electrieiten
330 1351 360 1403 in
378 1349 570 1414 multitudinet
603 1367 717 1420 quornm
737 1348 923 1403 menilentetie
941 1347 1084 1422 agentium
1105 1353 1179 1402 terre
1196 1353 1245 1400 ent.

188 1515 193 1520 .
247 1469 340 1522 Primo
367 1465 570 1522 consideremus
596 1468 688 1538 quelle
712 1467 750 1522 nit
778 1473 853 1522 terre
878 1467 907 1520 in
923 1465 1067 1522 l't'nivereo.
1120 1464 1211 1531 Quum
1237 1463 1403 1520 Univernnm
1430 1469 1553 1524 omnium

82 1588 90 1604 .
144 1573 239 1624 rerum
257 1553 414 1622 compienne
430 1550 475 1612 nit,
496 1569 547 1604 neo
564 1553 602 1606 nit
621 1552 778 1621 quidquem,
799 1551 935 1620 quoduuu
953 1549 1021 1604 innit
1037 1549 1066 1602 in
1084 1564 1125 1610 ee,
1145 1547 1318 1620 oerqpieutun
1331 1557 1382 1613 eet,
1403 1561 1506 1608 terrem
1520 1571 1553 1608 ex

134 1640 281 1694 ·llniverno
302 1634 426 1706 genitam
444 1651 513 1692 enne.
548 1637 646 1706 lneque
664 1637 748 1690 etiem
770 1635 795 1688 ni
815 1652 833 1688 u
851 1634 947 1704 primin
964 1631 1155 1700 inchoetinque
1172 1632 1278 1686 nuturie
1293 1633 1328 1686 ed
1347 1633 1473 1692 ultimem
1491 1656 1554 1706 per·

145 1727 298 1791 lentumque
315 1721 463 1790 procedere
490 1721 596 1788 pluent,
631 1737 741 1774 nenenne
759 1725 802 1772 ent
815 1721 851 1774 ed
870 1718 1053 1780 Univernum,
1071 1717 1142 1784 quod
1159 1731 1252 1770 omnen
1271 1723 1383 1772 nutnree
1401 1720 1510 1776 oolriltet
1527 1732 1555 1776 et

143 1807 279 1870 eontinet,
298 1804 496 1874 perveniemue.
530 1805 610 1860 Unde
625 1803 748 1873 nequitur
764 1804 844 1859 illum
861 1802 1029 1858 ultienimum
1046 1817 1106 1876 eene
1126 1801 1245 1870 gendum
1270 1817 1323 1868 que
1340 1803 1419 1864 nulle
1435 1805 1494 1860 elin
1510 1809 1554 1860 vie

143 1891 231 1960 poenit
246 1890 405 1944 necedere..
428 1890 476 1942 Uti
501 1889 574 1942 eninr
599 1891 677 1944 uulln
701 1905 764 1958 pete
787 1895 830 1942 eet
853 1886 976 1956 eorporin
1002 1884 1098 1948 nentri,
1122 1901 1192 1953 quen
1208 1901 1260 1940 non
1284 1885 1323 1939 eit
1341 1885 1456 1942 minorin
1473 1905 1555 1958 qnnm

143 1982 252 2031 noemet
270 1973 324 2041 ipni
342 1989 452 2036 numne,
486 1974 680 2028 olomundum
701 1974 859 2028 uuivertnm
883 1969 972 2040 plurin
992 1985 1061 2032 enee,
1089 1985 1200 2024 neem
1218 1977 1260 2024 ent
1277 1987 1360 2039 quem
1379 1979 1484 2040 purtem
1501 1976 1555 2028 eli.

144 2075 229 2130 quem
246 2058 382 2112 Univerni.
418 2059 447 2112 ln
466 2065 558 2112 nutem
576 2065 618 2112 ent
635 2060 754 2129 gradun,
774 2059 801 2112 in
820 2073 874 2126 qno
890 2071 982 2111 rernm
998 2053 1122 2108 omnium
1139 2063 1239 2111 neure
1256 2055 1381 2124 ponitur,
1399 2073 1470 2125 qnee
1486 2073 1554 2128 qno-

16 2202 30 2220 Ι,
143 2145 221 2199 niem
243 2142 309 2198 telin
328 2149 377 2205 ent,
397 2149 427 2196 ut
443 2142 547 2212 prqeeit
564 2143 699 2208 omninno,
718 2160 828 2197 nenenee
848 2141 890 2195 ee't
907 2137 1112 2246 intelligentem
1122 2138 1356 2194 eereUnirereum
1371 2149 1455 2212 etque
1471 2144 1555 2200 etiem
1615 2153 1625 2168 ⁸

145 2230 309 2298 nepientem.

246 2336 335 2411 Atque
350 2341 405 2394 bno
422 2341 551 2394 Unieeiei
569 2343 675 2396 unitete
697 2347 854 2412 perepeetn‚
880 2339 1054 2393 merentum
1078 2341 1120 2391 ent
1137 2345 1236 2402 terroe,
1254 2355 1324 2408 quee
1342 2349 1384 2396 ent
1399 2345 1492 2400 uniter
1512 2345 1555 2399 ln·

147 2426 260 2481 teriorin
277 2427 390 2500 gredne‚
408 2425 550 2480 vlnenlnm
567 2429 711 2496 quoddam,
730 2443 780 2496 per
796 2426 867 2495 qnod
885 2441 947 2478 cum
966 2423 1103 2476 liniver'eo
1121 2423 1238 2475 membri
1255 2422 1342 2490 inetur
1361 2427 1456 2492 juncte
1474 2435 1556 2498 etque

147 2501 191 2564 ite
208 2509 333 2565 eonnenn'
344 2509 391 2574 eit,
410 2517 441 2563 ut
456 2512 493 2564 ed
510 2527 571 2564 enm
591 2511 626 2564 nb
643 2511 778 2564 Univereo
795 2501 990 2564 ebnolvendem
1008 2509 1129 2562 ienulten
1147 2508 1208 2562 derl
1230 2525 1283 2562 non
1307 2511 1400 2580 poenit.
1435 2511 1556 2567 Mundnn

148 2592 293 2649 nnlv'ernnn
316 2601 408 2650 entem
431 2611 514 2665 quum
531 2610 584 2650 non
606 2596 645 2649 eit
669 2596 730 2649 nini·
744 2593 932 2648 mentientutio
957 2591 1038 2646 uniun
1064 2591 1203 2662 principii,
1227 2593 1369 2649 vinculum
1391 2597 1462 2650 illud
1479 2599 1556 2668 llyee

147 2679 211 2748 ipen
230 2680 275 2745 nit,
290 2697 405 2734 ⁴rreeenne
422 2687 473 2745 ent,
492 2697 574 2751 qoem
592 2679 707 2750 Plryniei
723 2679 865 2750 appellent
884 2677 1096 2748 moguntinorum
1121 2693 1170 2730 nen
1186 2679 1244 2732 vim
1263 2681 1456 2751 mugiretieem.

193 2779 197 2792 ⁴
253 2795 382 2850 Proxime
399 2799 525 2868 nuperier
543 2798 641 2852 Unitue
659 2806 749 2850 terren
771 2795 886 2862 estnol,
923 2793 1001 2860 oujun
1024 2797 1124 2852 nendor
1147 2795 1283 2852 illuntrior
1311 2805 1352 2854 ent
1368 2815 1452 2870 quem
1471 2769 1557 2856 ulline

148 2881 226 2956 ignit
245 2881 398 2946 terrestris,
425 2885 526 2954 quippe
543 2883 590 2954 qui
609 2875 741 2936 immenn'o
758 2878 858 2952 quondo
883 2885 940 2934 tem
956 2879 1039 2950 longe
1056 2880 1165 2950 lnteque
1186 2882 1322 2942 collucent
1347 2884 1478 2954 eujneque
1502 2892 1559 2940 tee-

150 2977 195 3021 tue
213 2967 264 3030 nit,
282 2984 334 3019 nou
355 2975 385 3018 ut
405 2969 552 3038 tepeleeiut
569 2969 660 3022 nolum
677 2967 726 3020 ned
746 2964 829 3018 etiem
846 2972 875 3017 ut
899 2971 988 3024 terroe
1012 2962 1085 3016 diem
1102 2965 1239 3034 praebent.
1272 2965 1330 3022 Hic
1348 2968 1414 3024 nolin
1432 2976 1558 3024 exterum

117 3111 121 3122 ¹
151 3053 248 3122 pnlnue
266 3058 307 3104 ent
324 3051 382 3118 ejue
400 3053 489 3118 ardor,
510 3053 580 3107 unde
597 3051 713 3104 mundun
732 3049 868 3120 originem
885 3049 984 3111 hebet,
1022 3064 1074 3102 nou
1092 3049 1215 3119 egitotue
1233 3051 1267 3102 nb
1286 3052 1358 3116 ulio,
1395 3054 1442 3106 ned
1461 3071 1510 3124 per
1528 3073 1558 3108 ne

149 3137 212 3206 ipne
229 3143 257 3190 et
274 3153 323 3189 nne
341 3143 436 3205 epoute
453 3145 561 3203 motue3
585 3157 617 3192 ex
635 3155 688 3208 quo
706 3135 794 3192 omnin
810 3135 900 3188 mutue
915 3132 1011 3194 oritur,
1032 3127 1069 3184 ex'
1082 3149 1135 3202 qno
1152 3133 1236 3190 etiem
1256 3135 1377 3190 eflicitur
1392 3137 1558 3194 enimnutem

151 3239 214 3274 enee
234 3221 374 3273 mnndum.

253 3336 351 3404 Terre,
372 3343 403 3390 nt
417 3335 475 3400 iem
493 3338 621 3400 dinimnn,
639 3336 692 3390 enli
710 3337 771 3390 nire
787 3334 911 3390 ulteriori
931 3333 1038 3388 Uniteti
1056 3349 1132 3390 nene·
1150 3345 1200 3389 eet.
1237 3337 1346 3398 litenlm
1362 3339 1406 3391 eol
1423 3353 1486 3394 oum
1502 3343 1560 3396 nole

151 3420 272 3495 plenetin
291 3430 333 3475 ent
350 3420 449 3476 Uultee
467 3427 497 3474 et
513 3421 623 3490 quidem
639 3423 668 3474 iu
686 3421 781 3475 eltlnri
799 3419 887 3491 gredo
906 3435 986 3487 quem
1005 3417 1096 3484 'terret
1130 3419 1159 3473 in
1182 3437 1237 3489 qun
1253 3421 1366 3492 ringeln
1389 3431 1453 3479 ennt
1470 3427 1559 3480 libere

42 3499 44 3510 '
150 3521 275 3574 uereque
292 3505 412 3560 interne
429 3501 456 3558 'et
473 3507 529 3567 noli
548 3507 715 3572 hujnnmodi,
734 3514 774 3569 ut,
792 3519 956 3574 quemquem
974 3505 1073 3560 omnin:
1084 3505 1139 3559 noli
1158 3505 1296 3568 eeeedent,
1316 3513 1406 3561 temen
1415 3525 1493 3562 enum
1511 3527 1559 3564 ne-

152 3599 244 3646 ternu
261 3592 385 3660 qnodque
401 3591 531 3645 obtinent
567 3591 658 3658 Quum
674 3591 709 3644 nb
726 3605 785 3642 rem
804 3588 946 3642 virtulum
964 3589 1065 3658 duplex
1080 3588 1181 3644 exintit

252 3703 378 3760 Primum
394 3707 448 3760 noli
467 3711 608 3776 terrorque
626 3713 667 3760 ent
683 3705 726 3759 vin
745 3703 908 3768 ettrnetivu,
927 3721 981 3773 que
998 3703 1028 3758 ei
1046 3707 1079 3759 nd
1099 3703 1266 3758 Univerenm
1287 3707 1434 3761 accedendi
1453 3711 1561 3780 eupidi-

153 3797 198 3844 ιιι
215 3789 371 3861 utriunque,
411 3793 475 3846 nolin
493 3793 605 3864 ningulo
623 3791 728 3846 eunetie
751 3787 892 3851 nectendi,
929 3797 1019 3844 terren
1041 3789 1205 3842 Univernnm
1225 3791 1333 3858 petendi
1351 3793 1559 3860 manilentntur3

155 3871 254 3925 deinde
272 3873 315 3927 eir
329 3872 487 3945 repulnivn,
511 3893 564 3946 qne
583 3877 725 3945 utriunque
743 3876 825 3942 erdpr
842 3881 967 3928 ueterem
986 3875 1125 3946 preprium
1142 3875 1269 3928 eervnndi
1288 3876 1386 3944 prodit.
1438 3879 1560 3952 Congre-

156 3955 268 4028 dinntnr
284 3957 402 4012 invicem
423 3962 492 4014 heee
510 3961 630 4032 egentia,
648 3959 803 4030 etquidem
821 3975 863 4022 ee,
887 3975 957 4028 queo
974 3959 1112 4015 eontrerie
1131 3965 1229 4012 neture
1247 3961 1376 4032 gandent.
1428 3961 1562 4033 Repulnio

157 4039 193 4092 ul>
213 4040 323 4108 eeqnell
338 4044 501 4095 uttreetione
517 4045 645 4107 nectitur,
664 4045 711 4096 vel
728 4043 886 4096 uttreetioni
911 4043 1034 4112 eequelle
1051 4043 1172 4126 repulsio
1189 4043 1341 4114 opponitur.
1376 4045 1429 4097 liin
1446 4047 1480 4098 de
1497 4063 1562 4100 een-

157 4125 197 4180 nie
215 4123 259 4178 vin
279 4123 347 4176 nolin
362 4125 512 4200 'uttreetlrn
528 4127 556 4180 ln
575 4137 694 4190 terrem,
719 4129 787 4180 linet
805 4127 891 4178 multe
908 4130 997 4193 mejor
1013 4125 1065 4189 nlt,
1091 4142 1171 4194 quern
1191 4134 1281 4180 terreo
1299 4127 1437 4196 repulsio,
1456 4135 1562 4185 terren

159 4210 219 4262 nole
235 4226 287 4262 non
303 4209 394 4280 megin
411 4227 492 4279 quem
512 4211 634 4280 poenidet
649 4189 835 4280 repiuleionem
854 4211 976 4263 conuecti
993 4217 1088 4280 potent.
1140 4209 1218 4263 Unde
1238 4211 1338 4281 duplex
1358 4209 1440 4266 Triee
1458 4216 1561 4280 oritur,

158 4295 248 4348 eltete
265 4294 374 4348 denotet
390 4297 499 4360 lenem,
537 4297 583 4366 qut
603 4314 620 4352 n
637 4298 748 4367 plenete
765 4311 860 4348 venue
879 4296 966 4348 notem
990 4299 1152 4363 neenpetnr,
1188 4295 1276 4350 ulter-e
1301 4303 1343 4350 eet
1365 4307 1455 4352 mutue
1471 4307 1562 4356 terren

158 4378 312 4448 elliptieum
329 4379 404 4432 viem
422 4381 495 4434 elren
514 4383 601 4435 eolem
618 4382 701 4438 letne.
752 4379 856 4434 Eedem
873 4379 980 4434 retione
999 4396 1028 4432 ee
1045 4379 1148 4433 hebent
1165 4381 1250 4434 ceteri
1268 4383 1395 4450 plnnetne
1412 4385 1446 4437 ed
1464 4386 1562 4450 eolem‚

106 4531 109 4541 Ι
160 4471 188 4516 οι
201 4479 290 4532 ,quum
308 4463 380 4516 nliue
398 4455 571 4522 alienatore
588 4465 729 4536 prenditur
745 4465 791 4528 eit,
808 4463 931 4534 repuleio
949 4465 1080 4534 eejnuqne
1098 4463 1157 4517 elie
1174 4471 1216 4520 ent
1233 4466 1260 4520 in
1278 4467 1358 4531 eliie,
1385 4470 1511 4540 idemque
1528 4473 1562 4524 de

160 4553 236 4604 motu
254 4547 328 4602 eiree
343 4550 428 4606 nolem
446 4553 502 4638 leto
520 4553 650 4622 coituque
667 4552 796 4622 plenetne
813 4549 959 4604 dicendum
976 4557 1025 4604 ent.

260 4663 349 4718 Altior
366 4665 488 4722 Unitetie
505 4675 546 4723 eet
563 4669 676 4740 gradun,
695 4683 776 4738 quem
792 4665 832 4720 nol
854 4683 916 4718 enm
931 4665 989 4720 enin
1008 4665 1127 4735 plenetin
1145 4665 1249 4720 obtinet
1268 4667 1296 4720 in
1314 4667 1464 4732 Univerno,
1482 4685 1564 4738 quem
1586 4685 1592 4699 “

50 4777 53 4784 ·
160 4763 242 4818 quem
262 4749 390 4818 plaeetne
408 4749 460 4822 ipni
484 4759 626 4824 occupent.
661 4751 709 4806 Sol
733 4759 826 4806 entem
845 4749 904 4822 ipne
927 4749 1155 4808 ecoetlitUnituti
1179 4751 1281 4806 nltiori.
1333 4751 1380 4802 Sic
1398 4753 1432 4805 nb
1452 4753 1564 4809 Unitete

162 4833 197 4887 ed
216 4833 358 4888 Unitetem
375 4837 553 4906 progrediere
572 4854 657 4906 neque
678 4844 840 4908 perventum
863 4839 898 4896 nd
916 4837 1056 4892 Unitetenn
1073 4835 1232 4898 Uultetum,
1257 4835 1291 4888 ed
1309 4835 1467 4890 univercum
1485 4855 1564 4894 mnu·

162 4919 236 4973 dnm.
265 4921 309 4998 ι,ιι
324 4920 385 4988 quin
404 4929 455 4986 eet,
473 4922 520 4991 qui
539 4923 609 4976 hene
625 4921 734 4986 nerim
752 4921 889 4976 inlinitum
909 4921 937 4976 ln
954 4918 1075 4991 ningulln
1092 4921 1120 4974 et
1136 4925 1226 4973 temen
1245 4916 1352 4971 fluitem
1369 4917 1398 4974 in
1411 4921 1484 4978 ‘l'eto
1503 4943 1564 4994 per-

162 5001 269 5072 epieer'e
287 5005 396 5074 pontiti
1006 5021 1009 5036 ¹

262 5121 304 5174 En
321 5121 367 5174 lein
385 5117 467 5178 dlet'l'n
486 5075 680 5178 eeltemllrnee
697 5121 852 5194 intelliges,
890 5119 963 5174 nihil
985 5119 1015 5172 iu
1036 5117 1137 5171 mundo
1156 5117 1286 5173 unireree
1303 5135 1363 5173 enee
1380 5095 1564 5190 temernriuui,

164 5199 236 5256 nilrll
257 5203 374 5270 vedum,
392 5207 465 5262 nllrll
482 5209 636 5275 tertullum,
654 5209 704 5264 ned
720 5207 812 5264 omnin
829 5203 936 5262 mtione
955 5211 983 5260 et
998 5219 1112 5258 numero
1130 5203 1167 5258 eb
1179 5219 1233 5259 nne
1244 5203 1434 5276 intelligentie
1451 5207 1563 5270 moveri,

559 5335 577 5366 x
871 5359 879 5376 ,
1343 5301 1376 5356 8·
