3846 6036
1062 517 1131 590 48

344 656 350 664 -
390 657 513 766 alodem
529 707 646 764 aatnrae
661 701 755 771 apirae
772 697 909 770 pealtiaae
926 705 955 754 et
971 699 1132 772 negativae.
1166 700 1263 766 [lagae
1286 651 1373 750 malea
1393 693 1421 758 2,
1438 691 1468 762 ’,1,
1484 693 1537 754 t...
1554 703 1583 750 et
1600 697 1626 762 l,
1644 694 1673 762 ὅ,
1689 695 1726 764 ὗ,
1750 697 1823 759 1....

283 849 293 859 .
388 800 458 852 qaae
483 801 498 836 e
522 791 621 840 natura
638 783 731 855 aplrae
748 785 891 855 pretleant,
910 785 1088 867 laudamento
1104 788 1169 836 aaut
1185 777 1271 836 aonia.

452 872 489 930 ,tt
500 885 579 924 meae
591 867 750 942 aeripliania
761 869 837 938 aeapi
852 885 937 924 eanaa
953 887 1041 939 nepae
1058 869 1129 924 haee
1145 885 1200 930 rea,
1217 882 1268 920 nee
1286 863 1461 936 geminorum
1477 863 1676 932 oryatallnrnm
1692 870 1820 928 natura,

385 968 455 1021 puae
474 952 585 1008 omnine
600 953 751 1022 ‚reapentlet
768 961 879 1006 neutrae
896 953 1024 1012 theoriae
1041 951 1151 1021 oppleae
1168 948 1285 1006 tractari
1302 955 1400 1018 puteat.
1443 946 1525 1000 Viam
1545 947 1669 1004 inclinare
1686 949 1771 1002 mihi
1790 949 1820 1002 ia

386 1037 479 1092 animo
498 1043 558 1091 erat
579 1036 715 1106 principio
735 1047 827 1090 uoatro
844 1036 1041 1104 crystallorum
1058 1043 1183 1098 naturae,
1205 1034 1288 1086 illam
1309 1031 1400 1096 niem,
1428 1048 1511 1100 quam
1527 1031 1601 1101 cepit
1618 1032 1683 1102 ipaa
1703 1033 1820 1086 terma-

386 1124 425 1176 tia
445 1130 544 1185 terrae,
563 1136 634 1190 quae
652 1119 750 1175 Uellea
767 1127 810 1173 eet
827 1117 950 1172 omnium
966 1121 1067 1174 harum
1086 1117 1342 1173 manifestationum
1361 1131 1558 1212 aepremuaqne
1576 1117 1691 1186 padua

1049 1333 1190 1402 §.llhv

681 1467 765 1535 DE
808 1467 981 1548 Vl'l'rl
1035 1450 1520 1534 VEGETAB'ILI.

448 1622 468 1652 ’-
488 1620 595 1682 Terra,
616 1626 647 1673 ut
660 1619 719 1685 jam
738 1619 913 1683 andivimua,
940 1619 1073 1688 protlneta
1091 1625 1134 1673 eat
1151 1635 1167 1671 e
1187 1617 1314 1672 ehemlea
1334 1615 1549 1686 polariaatieue,
1584 1631 1656 1684 qnae
1672 1623 1814 1684 perpetro

391 1723 445 1760 una
464 1703 614 1772 eademque
630 1703 738 1768 ratione
756 1703 828 1774 agit
862 1703 1036 1758 Cannutium
1054 1699 1203 1757 a‘mhernnt
1218 1703 1345 1772 polorum
1360 1697 1552 1754 eleetrieltatia
1569 1699 1695 1773 ἰιιιιιιιιιι
1717 1706 1815 1753 terrae

392 1789 504 1857 einaqne
522 1785 709 1856 agitationum
726 1793 768 1840 eat
785 1787 874 1858 erige.
914 1787 1037 1855 Utraque
1054 1787 1131 1855 apira
1151 1795 1179 1840 et
1195 1785 1317 1856 positiva
1337 1792 1366 1838 et
1382 1782 1530 1854 negativa,
1567 1783 1694 1854 praedita
1711 1785 1814 1838 ιιᾱιιι

390 1873 422 1926 vi
438 1861 560 1934 aeneam,
578 1875 610 1924 ut
625 1869 655 1924 in
672 1870 830 1938 ergatallia,
872 1870 1046 1924 anetionihua
1064 1888 1113 1923 eeu
1129 1873 1259 1941 planetae
1274 1868 1361 1925 noatrl
1382 1869 1566 1932 incramenta,
1590 1875 1619 1922 et
1635 1866 1815 1920 eenreraieai

291 1952 298 1958 ’
390 1958 494 2016 nirenta
511 1970 591 2010 axem
611 1953 743 2007 declarat
778 1955 816 2008 Et
832 1955 861 2008 in
881 1955 972 2008 lneem
990 1955 1075 2019 etita,
1093 1956 1181 2008 lertur
1198 1961 1274 2008 terra
1290 1971 1308 2008 a
1325 1955 1385 2008 aele
1398 1960 1481 2022 atque
1494 1949 1815 2012 auneetiturllniaerae,
1911 2013 1912 2022 ἵ

393 2058 491 2110 exque
510 2039 572 2108 ipae
589 2036 685 2106 genita
702 2043 752 2102 eal,
772 2055 787 2091 e
806 2038 944 2108 principio
964 2039 1101 2104 obieetive
1118 2039 1148 2093 iu
1165 2054 1219 2092 uno
1237 2053 1301 2090 enm
1318 2035 1480 2102 anhjeetlve,
1516 2033 1818 2106 eprineipi'enmnima
1911 2101 1912 2110 ἶ

247 2176 252 2184 ,
307 2113 312 2124 “
393 2123 608 2194 principiorum,
628 2121 726 2175 Meuaa
744 2129 786 2176 eat
803 2121 903 2186 Trina,
943 2123 971 2176 id
990 2131 1047 2188 eat,
1084 2141 1101 2176 e
1126 2123 1206 2176 alta
1231 2121 1459 2186 unireraali,
1493 2115 1817 2189 aenellpatle‘aeaea

394 2205 594 2269 eleetrieitate,
632 2204 657 2258 al
677 2212 781 2260 terram
803 2212 926 2276 apaetaa,
963 2207 1023 2262 aire
1040 2226 1056 2260 e
1076 2208 1206 2261 enullieta
1223 2205 1373 2277 gravitatia
1391 2197 1419 2258 e't
1435 2203 1641 2277 magnetiami,
1677 2201 1728 2259 sac
1747 2221 1817 2257 ver-

394 2291 558 2352 titnrterra
575 2295 604 2341 et
620 2289 770 2343 multitude
788 2299 816 2346 et
832 2291 925 2345 nnitaa
943 2292 972 2345 in
998 2309 1060 2354 eam
1077 2293 1197 2361 apinam,
1229 2307 1313 2359 qnam
1329 2289 1421 2343 aielera
1444 2289 1536 2342 omnia
1554 2294 1721 2357 aequantur,
1740 2305 1816 2357 qnae

393 2377 471 2448 apira
487 2381 530 2430 eet
546 2371 692 2442 apiramm.
728 2374 836 2428 Glelraa
859 2383 954 2430 terrae
973 2393 1120 2446 anpremua
1139 2375 1229 2428 omnia
1245 2373 1491 2445 eryatalliaationia
1515 2374 1619 2444 gratlna
1638 2387 1772 2443 tempera,
1785 2383 1815 2426 et

394 2477 492 2531 expera
510 2465 553 2512 eat
571 2457 824 2526 eryatalliaatiunia.
871 2461 943 2514 llam
962 2455 1085 2526 einatlem
1102 2459 1263 2528 peripheria
1281 2475 1335 2512 noa
1357 2457 1447 2511 aulum
1464 2457 1620 2520 terreatria,
1655 2457 1704 2510 aatl
1725 2456 1814 2511 etiam

394 2543 514 2600 eeamiea
527 2541 642 2596 ffieenda
656 2549 708 2606 eat,
727 2542 774 2610 qui
791 2537 934 2596 eenlli'etee
952 2559 1052 2612 nevam
1069 2543 1164 2615 gignit
1180 2541 1408 2612 polariaationem
1423 2541 1552 2596 Univerai
1573 2541 1738 2611 partieipem
1755 2543 1814 2606 vel,

394 2636 427 2682 ut
444 2626 531 2684 aerbo,
546 2625 652 2688 eliaam,
679 2625 839 2694 peripheria
854 2632 954 2680 terrae
973 2627 1114 2681 limereat
1132 2628 1204 2680 inter
1221 2635 1330 2682 nentem
1347 2633 1375 2679 et
1392 2627 1512 2678 lucem·
1539 2628 1615 2695 llyaa
1630 2626 1701 2678 haee
1720 2623 1815 2695 igitur

395 2709 489 2782 Dyaeli
504 2707 758 2778 eryatalliaatiouia,
777 2725 832 2778 qna
847 2711 906 2780 poli
925 2717 1022 2764 mutuo
1038 2713 1073 2764 ad
1094 2711 1230 2765 unitatem
1247 2713 1275 2766 in
1293 2730 1322 2765 ae
1341 2710 1522 2764 advertantur
1542 2711 1589 2762 vel
1608 2709 1642 2763 ad
1657 2717 1764 2763 terram
1782 2709 1815 2762 in

396 2813 428 2850 ae
444 2793 606 2856 mendam,
630 2792 758 2862 eppeaitti
774 2800 834 2858 eat3
870 2794 971 2851 inille
991 2811 1056 2848 vere
1078 2795 1136 2864 poli
1159 2804 1256 2851 mutue
1274 2796 1463 2858 divertuntur,
1496 2801 1525 2846 et
1541 2791 1701 2864 peripheria
1718 2799 1814 2848 terrae

396 2881 459 2949 ipae
475 2879 549 2931 hane
565 2881 729 2946 perpetuam
748 2878 947 2934 adaeraitatem
964 2880 1036 2936 inter
1053 2881 1119 2934 illoa
1137 2881 1238 2950 penult,
1256 2887 1288 2934 nt
1307 2887 1384 2934 terra
1404 2894 1454 2947 per
1472 2894 1502 2930 ae
1521 2885 1681 2947 permaneat
1698 2883 1726 2930 et
1741 2877 1813 2930 llai·

397 2979 478 3018 verae
506 2961 636 3025 accedat3
673 2960 833 3029 peripheria
863 2979 931 3033 ergo
956 2964 1076 3033 peaitiva
1101 2973 1143 3018 eat
1167 2967 1202 3018 ael
1227 2965 1395 3018 Univeraom
1422 2967 1451 3015 et
1472 2962 1606 3033 negativa
1631 2962 1666 3015 atl
1688 2969 1813 3014 terimam

397 3055 534 3118 apertura,
552 3061 602 3102 aen
620 3044 779 3114 peripheria
797 3061 830 3098 ex
847 3053 963 3116 atraque
981 3050 1181 3118 pertetendit,
1207 3049 1279 3102 hane
1295 3048 1324 3101 in
1343 3053 1450 3116 partem
1471 3046 1506 3099 ad
1525 3053 1664 3108 nentrum,
1683 3044 1766 3100 illam
1784 3047 1813 3098 ia

398 3130 559 3204 partematl
576 3127 751 3182 Univeranm.
803 3130 901 3184 liaee
926 3132 1093 3204 agitatio
1118 3149 1179 3186 aeu
1204 3133 1267 3184 hee
1292 3136 1477 3183 certamen
1501 3129 1598 3184 inter
1623 3137 1812 3184 nontamet

276 3219 280 3227 '
313 3204 317 3210 ¹
397 3219 529 3277 lueem,
565 3227 582 3266 a
608 3212 755 3266 minimo
778 3215 820 3267 etl
846 3217 1036 3270 maximnm
1058 3213 1812 3284 adanentlenatlieimnanltamaegetahi-

399 3303 476 3354 lem.
525 3296 590 3350 l'itn
609 3296 795 3366 vegetabilia‚
831 3299 902 3352 haee
918 3301 1009 3370 Itym,
1045 3301 1074 3354 in
1092 3317 1146 3370 qua
1163 3303 1251 3354 denuo
1269 3305 1376 3354 certant
1393 3297 1502 3352 altioria
1520 3298 1659 3366 potentiae
1676 3298 1812 3364 ehieetara

400 3379 607 3448 consentaneo,
626 3381 753 3452 gravitaa
771 3397 833 3433 eum
850 3383 1043 3452 magnetiame,
1065 3386 1302 3454 eleetrieitaa
1322 3383 1490 3446 (linenda,
1508 3384 1603 3452 liyaa
1620 3382 1655 3436 la
1673 3383 1813 3438 'l'riaie

401 3468 585 3529 liberata,
613 3465 710 3546 lueis
728 3465 1009 3537 intelligi-tallia¹
1027 3469 1146 3540 prima
1166 3469 1324 3540 angnrla
1342 3466 1505 3521 exhibet
1558 3465 1699 3520 llelinit
1717 3468 1813 3537 llyaa

401 3553 565 3606 liberata
594 3557 752 3618 tempna,
788 3549 919 3620 ideoque,
954 3557 1025 3622 querl
1052 3555 1153 3610 attinet
1181 3555 1215 3609 nal
1234 3551 1502 3616 manlleatationem,
1526 3551 1556 3608 in
1573 3549 1659 3604 lluidn
1679 3559 1813 3606 aeraatnr.

393 3637 554 3706 Sunterge
575 3635 743 3704 principalea
761 3635 821 3700 ejaa
839 3635 1021 3705 agitationem
1053 3639 1177 3692 redire
1203 3655 1221 3692 n
1244 3637 1380 3702 ttetto,
1418 3637 1462 3690 ah
1491 3627 1812 3692 iniillerentiaal

402 3722 523 3792 pelea,
550 3719 589 3773 atl
607 3717 734 3789 rigida
754 3719 1025 3788 etapirehilia,
1056 3721 1358 3791 rnranaqnepeli
1378 3727 1606 3774 eoneurrnnt
1646 3717 1812 3791 Vlta'vege-

400 3804 498 3861 tahllia
514 3801 606 3875 igitar
621 3807 764 3870 umquam
779 3802 808 3856 iu
825 3803 932 3872 apiram
949 3804 1027 3872 agitt
1051 3807 1147 3859 endem
1165 3807 1240 3858 enim
1264 3805 1359 3860 evadit
1375 3823 1392 3858 e
1410 3804 1514 3870 llnide;
1538 3804 1628 3874 prime
1645 3803 1733 3876 igitar
1749 3805 1814 3877 agi-

397 3889 472 3946 tatto
492 3887 628 3942 tliaeeaana
647 3891 690 3940 eat
707 3887 853 3940 amborum
871 3887 1000 3956 polorum
1031 3897 1172 3957 tamqnam
1189 3889 1402 3944 eiaenmvolnlie
1420 3889 1516 3944 alexin
1530 3888 1564 3942 'et
1585 3889 1714 3954 annua,
1749 3905 1813 3944 eea·

318 3965 324 3988 ⁸
402 3989 516 4045 graaaaa
533 3969 678 4026 authorem
695 3973 830 4039 pelorum,
848 3965 989 4036 liuidum,
1013 3973 1097 4028 tertia
1115 3973 1329 4028 eirenmrelutie
1344 3991 1395 4028 aaa
1412 3974 1517 4028 reelitoa
1534 3975 1571 4028 ael
1586 3973 1713 4043 primam.
1814 3967 1816 3972 ’

503 4056 601 4112 Prima
617 4053 805 4108 manilealatie
822 4053 898 4108 vitae
914 4057 1084 4126 vegetabilia
1099 4045 1175 4129 llyaa
1192 4059 1222 4111 ia
1239 4057 1345 4112 'l'riatle
1363 4059 1410 4123 ait,
1428 4053 1540 4112 neeeaae
1551 4065 1603 4113 eat.
1637 4059 1675 4112 Et
1691 4059 1812 4114 venula

403 4141 572 4214 vegetabilia
591 4155 680 4192 nonne
699 4138 807 4208 llyatlia
830 4137 858 4192 in
876 4139 1121 4199 Trialeintlelena
1143 4143 1300 4198 elarlaaime
1319 4149 1384 4197 aete
1404 4143 1500 4196 eeulea
1525 4139 1624 4212 poniti
1675 4141 1743 4209 Quia
1759 4149 1810 4205 eat,

403 4225 470 4294 quin
487 4239 597 4278 aemma
614 4223 798 4278 admiratione
818 4221 941 4288 einatlem
958 4224 1096 4281 internam
1113 4227 1311 4298 agitationem,¹
1343 4227 1417 4280 hane
1435 4217 1577 4296 ligatam,
1613 4241 1683 4295 qnae
1697 4225 1811 4297 eirenae

403 4307 533 4361 aerihitnr
551 4323 569 4360 a
587 4307 703 4370 Triade,
721 4305 884 4362 intueatur?
1222 4310 1230 4334 ·“
1475 4355 1479 4362 .

337 4397 341 4400 ·
505 4390 639 4444 Peataa
657 4390 754 4461 igitar,
773 4391 824 4444 ille
844 4383 1060 4448 fundamentalia
1078 4395 1107 4448 in
1126 4396 1231 4465 plantia
1250 4403 1344 4467 typna,
1364 4395 1443 4449 nelle
1461 4395 1557 4458 modo,
1576 4402 1607 4449 nt
1627 4397 1736 4449 aulana
1751 4395 1811 4465 qni·

405 4480 470 4534 dam
484 4474 607 4530 betuniei
624 4481 749 4539 rement,
787 4491 821 4528 ea
843 4475 1027 4530 alternatione
1048 4495 1099 4532 nee
1121 4480 1269 4545 rejectione
1287 4479 1475 4552 aingulariam
1502 4485 1613 4533 artuum
1636 4479 1810 4547 anomalam,

405 4559 572 4633 eperihua,
595 4563 657 4612 orta
676 4564 726 4620 eat,
745 4559 794 4611 aad
811 4575 905 4630 rernm
921 4563 1188 4632 natare-repeditare
1208 4565 1266 4620 tale
1285 4563 1453 4634 principium
1471 4561 1601 4616 delinitaa
1620 4562 1712 4616 nhivia
1729 4563 1812 4617 ratia-

373 4685 380 4697 .
404 4663 453 4701 nea
470 4642 583 4725 peanin
603 4641 774 4710 Namlleaaa
794 4660 814 4696 e
827 4643 959 4709 Pentele,
978 4661 1029 4698 nee
1047 4646 1147 4700 Pentaa
1165 4665 1197 4701 ex
1215 4649 1331 4703 Heraea
1350 4648 1446 4712 oritur,
1465 4663 1514 4702 aea
1531 4646 1608 4700 ritae
1620 4645 1738 4701 ,anineti
1755 4645 1812 4702 rita

405 4726 575 4801 vegetabilia
592 4727 715 4798 petentia
729 4743 780 4783 aaa
799 4729 947 4782 remordit.
988 4728 1123 4784 Pentaa
1140 4739 1197 4785 eat
1215 4735 1312 4801 [tyna
1328 4733 1365 4786 in
1382 4729 1519 4794 'triade
1537 4731 1669 4784 aetate

506 4811 635 4866 Prnleete
646 4827 763 4880 regnum
780 4812 938 4882 vegetabile
952 4819 1012 4870 tam
1026 4808 1160 4884 mamam
1175 4815 1248 4870 illatl
1268 4823 1380 4886 nmque
1389 4816 1503 4869 illuatre
1513 4813 1694 4868 nihilomiaua
1708 4811 1810 4884 legihna

407 4904 435 4950 at
454 4911 632 4950 numerorum
649 4894 804 4949 rationihua
822 4913 855 4948 ex
872 4912 902 4949 ae
920 4896 988 4965 ipaia
1006 4897 1157 4952 orientihna
1182 4901 1286 4970 gautlet
1303 4899 1425 4954 delinitia
1442 4905 1524 4968 atque
1541 4911 1660 4970 regnem
1675 4897 1809 4950 armenie.

332 5046 336 5055 Ι
359 4988 363 5000 “
385 4990 388 4996 ’
406 4980 512 5032 lllaatr.
532 4979 687 5044 Ktlaaaaa,
705 4979 861 5034 aeatiaainai
879 4980 986 5051 ingenii
1006 4981 1035 5034 in
1053 4983 1425 5054 aaa·„morphenemia
1440 4981 1641 5037 hetaniea'‘
1659 4977 1809 5032 inerementi

407 5059 521 5131 legihua
536 5067 705 5130 organorum
722 5063 960 5130 lruetilleatieaia,
986 5067 1105 5121 emnia
1122 5068 1381 5137 phaenomena,
1415 5083 1506 5137 quae
1525 5063 1808 5125 alternatione,

408 5141 630 5199 eliaerimina
647 5145 947 5217 rejectioneaque
972 5159 1160 5216 necantur,
1197 5150 1469 5222 expliealieuia
1492 5151 1643 5206 illerum
1665 5151 1810 5218 organe-
